@book{bib:Clayden,
    author = {Jonathan Clayden and Nick Greeves and Stuart Warren},
    title = {Organic Chemistry},
    edition = {Second},
    publisher = {Oxford University Press},
    year = {2012}
}